<?xml version="1.0" encoding="UTF-8"?><collection xmlns="http://www.loc.gov/MARC21/slim"><record><leader>00550nam--2200193-i-4500</leader><controlfield tag="001">000033777</controlfield><controlfield tag="002">20161230</controlfield><controlfield tag="005">20161230201039</controlfield><controlfield tag="008">060222s1000------------r-----000-0-eng-d</controlfield><datafield ind1=" " ind2=" " tag="040"><subfield code="a">IFIN-HH</subfield></datafield><datafield ind1=" " ind2=" " tag="080"><subfield code="a">539.172.6(041)</subfield></datafield><datafield ind1="1" ind2=" " tag="100"><subfield code="a">Martin, B.R</subfield></datafield><datafield ind1="1" ind2="0" tag="245"><subfield code="a">Kn interactions in the resonance region</subfield><subfield code="c">B.r. martin, m. pidcock, r.g. moorhouse</subfield></datafield><datafield ind1=" " ind2=" " tag="260"><subfield code="a">London</subfield><subfield code="b">University College</subfield><subfield code="c">1976</subfield></datafield><datafield ind1=" " ind2=" " tag="300"><subfield code="a">3 PARTS</subfield></datafield><datafield ind1="1" ind2=" " tag="700"><subfield code="a">Moorhouse, R.G</subfield></datafield><datafield ind1="1" ind2=" " tag="787"><subfield code="a">Part Iii</subfield><subfield code="h">34p</subfield><subfield code="t">Resonance Spectra</subfield></datafield><datafield ind1=" " ind2=" " tag="852"><subfield code="a">43897</subfield><subfield code="c">539.17</subfield></datafield><datafield ind1=" " ind2=" " tag="CAT"><subfield code="a">Sys</subfield><subfield code="c">20120615</subfield><subfield code="h">110226</subfield></datafield></record></collection>